
@article{pant2008project,
  title={Project management education: The human skills imperative},
  author={Pant, Ira and Baroudi, Bassam},
  journal={International Journal of Project Management},
  volume={26},
  number={2},
  pages={124--128},
  year={2008},
  publisher={Elsevier}
}
@article{kaluzny2022scouting,
  title={Scouting as a place to develop leadership qualities},
  author={Ka{\l}u{\.z}ny, Ryszard and {\.Z}ak, Rafa{\l}},
  journal={Scientific Journal of the Military University of Land Forces},
  volume={54},
  year={2022}
}
@article{mordu2016managing,
  title={Managing Interruptions for Project managers},
  author={MORDU KAMARA, RICHARD},
  year={2016}
}
@article{nusari2018impact,
  title={The impact of project management assets and organizational culture on employee performance},
  author={Nusari, Mohammed and Al Falasi, Mohammad and Alrajawy, Ibrahim and Khalifa, Gamal Sayed and Isaac, Osama},
  journal={International Journal of Management and Human Science (IJMHS)},
  volume={2},
  number={3},
  pages={15--26},
  year={2018}
}
@article{rasnacis2017method,
  title={Method for adaptation and implementation of agile project management methodology},
  author={Rasnacis, Arturs and Berzisa, Solvita},
  journal={Procedia Computer Science},
  volume={104},
  pages={43--50},
  year={2017},
  publisher={Elsevier}
}
@article{gomes2016improving,
  title={Improving project success: A case study using benefits and project management},
  author={Gomes, Jorge and Rom{\~a}o, M{\'a}rio},
  journal={Procedia Computer Science},
  volume={100},
  pages={489--497},
  year={2016},
  publisher={Elsevier}
}
@article{burgueslimitations,
  title={Limitations of Project Management when Managing Research: An Empirical Study at the Barcelona Supercomputing Center},
  author={Burgu{\'e}s, Nuria Nadal and i Guin{\'o}, Eduard Bonet}
}
@article{sage2014critical,
  title={A critical argument in favor of theoretical pluralism: Project failure and the many and varied limitations of project management},
  author={Sage, Daniel and Dainty, Andrew and Brookes, Naomi},
  journal={International journal of project management},
  volume={32},
  number={4},
  pages={544--555},
  year={2014},
  publisher={Elsevier}
}
@article{muller2010leadership,
  title={Leadership competency profiles of successful project managers},
  author={M{\"u}ller, Ralf and Turner, Rodney},
  journal={International Journal of project management},
  volume={28},
  number={5},
  pages={437--448},
  year={2010},
  publisher={Elsevier}
}
@article{pollack2016project,
  title={Project managers’ and change managers’ contribution to success},
  author={Pollack, Julien and Algeo, Chivonne},
  journal={International Journal of Managing Projects in Business},
  volume={9},
  number={2},
  pages={451--465},
  year={2016},
  publisher={Emerald Group Publishing Limited}
}
@article{jones2004software,
  title={Software project management practices: Failure versus success},
  author={Jones, Capers},
  journal={CrossTalk: The Journal of Defense Software Engineering},
  volume={17},
  number={10},
  pages={5--9},
  year={2004}
}

@article{hyvari2006success,
  title={Success of projects in different organizational conditions},
  author={Hyv{\"a}ri, Irja},
  journal={Project management journal},
  volume={37},
  number={4},
  pages={31--41},
  year={2006},
  publisher={SAGE Publications Sage CA: Los Angeles, CA}
}

@article{markopoulos2005project,
  title={A project management methodology selection approach based on practical project and organizational constraints.},
  author={Markopoulos, Evangelos and Panayiotopoulos, John-Chris},
  journal={WSEAS Transactions on Computers},
  volume={4},
  number={8},
  pages={934--942},
  year={2005}
}





